% Keegan's References

@inproceedings{merrycomp,
 author = {Merry,, Bruce and Marais,, Patrick and Gain,, James},
 title = {Compression of dense and regular point clouds},
 booktitle = {Afrigaph '06: Proceedings of the 4th international conference on Computer graphics, virtual reality, visualisation and interaction in Africa},
 year = {2006},
 isbn = {1-59593-288-7},
 pages = {15--20},
 location = {Cape Town, South Africa},
 doi = {http://doi.acm.org/10.1145/1108590.1108593},
 publisher = {ACM},
 address = {New York, NY, USA},
 }

@inproceedings{gumholdcomp,
 author = {Gumhold,, Stefan and Kami,, Zachi and Isenburg,, Martin and Seidel,, Hans-Peter},
 title = {Predictive point-cloud compression},
 booktitle = {SIGGRAPH '05: ACM SIGGRAPH 2005 Sketches},
 year = {2005},
 pages = {137},
 location = {Los Angeles, California},
 doi = {http://doi.acm.org/10.1145/1187112.1187277},
 publisher = {ACM},
 address = {New York, NY, USA},
 }

@article{omeltchenko2000sls,
  title={{Scalable I/O of large-scale molecular dynamics simulations: A data-compression algorithm}},
  author={Omeltchenko, A. and Campbell, T.J. and Kalia, R.K. and Liu, X. and Nakano, A. and Vashishta, P.},
  journal={Computer Physics Communications},
  volume={131},
  number={1},
  pages={78--85},
  year={2000},
  publisher={Amsterdam: North-Holland Pub. Co., 1969-}
}

@conference{devillers2000gci,
  title={{Geometric compression for interactive transmission}},
  author={Devillers, O. and Gandoin, P.M.},
  booktitle={Proceedings of the conference on Visualization'00},
  pages={319--326},
  year={2000},
  organization={IEEE Computer Society Press Los Alamitos, CA, USA}
}

@Misc{johnstone,
  author = {John E. Stone},
  howpublished = {Personal Communication},
  year = 2009
}


% Min's reference

@article{brodlie01,
    author = "Ken Brodlie and Jason Wood",
    title = "Recent Advances in Volume Visualization",
    journal = "Computer Graphics Forum",
    year = "2001",
    volume = "20",
    number = "2",
    pages = "125--148"
}

% doi = "http://dx.doi.org/10.1016/0263-7855(87)80010-3"
@article{carson87,
    author = "Mike Carson",
    title = "Ribbon Models of Macromolecules",
    journal = "Journal of Molecular Graphics",
    year = "1987",
    volume = "5",
    number = "2",
    pages = "103--106",
}

@article{corey53,
    author = "Robert B. Corey and Linus Pauling",
    title = "Molecular Models of Amino Acids, Peptides and Proteins",
    journal = "Review of Scientific Instruments",
    year = "1953",
    volume = "24",
    number = "8",
    pages = "621--627"
}

@article{ellis07,
    author = "Geoffrey Ellis and Alan Dix",
    title = "A Taxonomy of Clutter Reduction for Information Visualisation",
    journal = "IEEE Transactions on Visualization and Computer Graphics",
    year = "2007",
    month = "November/December",
    volume = "13",
    number = "6",
    pages = "1216--1223"
}

@article{humphrey96,
    author = "William Humphrey and Andrew Dalke and Klaus Schulten",
    title = "{VMD}: Visual Molecular Dynamics",
    journal = "Journal of Molecular Graphics",
    year = "1996",
    volume = "14",
    number = "1",
    pages = "33--38"
}

@article{kuttel06,
    author = "Michelle Kuttel and James Gain and Anton Burger and Ian Eborn",
    title = "Techniques for visualization of carbohydrate molecules",
    journal = "Journal of Molecular Graphics and Modeling",
    year = "2006",
    volume = "25",
    pages = "380--388"
}

@article{levoy88,
    author = "Marc Levoy",
    title = "Display of Surfaces from Volume Data",
    journal = "IEEE Computer Graphics and Applications",
    year = "1988",
    month = "May",
    volume = "8",
    number = "3",
    pages = "29--37"
}

% doi = "http://doi.acm.org/10.1145/37402.37422"
@article{lorensen87,
    author = "William E. Lorensen and Harvey E. Cline",
    title = "Marching Cubes: A High Resolution 3D Surface Construction Algorithm",
    journal = "SIGGRAPH Computer Graphics",
    year = "1987",
    month = "July",
    volume = "21",
    number = "4",
    pages = "163--169"
}

@article{martz02,
    author = "Eric Martz",
    title = "Protein Explorer: easy yet powerful macromolecular visualization",
    journal = "TRENDS in Biochemical Sciences",
    year = "2002",
    month = "February",
    volume = "27",
    number = "2",
    pages = "107--109"
}

@article{richardson81,
    author = "Jane S. Richardson",
    title = "The anatomy and taxonomy of protein structure",
    journal = "Advances in Protein Chemistry",
    year = "1981",
    volume = "34",
    pages = "167--218"
}

@article{zach04,
    author = "Christopher Zach and Stephen Mantler and Konrad Karner",
    title = "Time-Critical Rendering of Huge Ecosystems Using Discrete and Continuous Levels of Detail",
    journal = "Presence",
    year = "2004",
    month = "December",
    volume = "13",
    number = "6",
    pages = "656--667"
}

@article{kruger03,
    title={Acceleration Techniques for GPU-Based Volume Rendering},
    author={Kruger, J. and Westermann, R.},
    journal={IEEE Visualization, 2003. VIS 2003},
    pages={287--292},
    year={2003}
}




% address = "Washington, DC, USA"
% booktitle = "VL '96: Proceedings of the 1996 IEEE Symposium on Visual Languages",
@inproceedings{shneiderman96,
    author = "Ben Shneiderman",
    title = "The Eyes Have It: A Task by Data Type Taxonomy for Information Visualizations",
    booktitle = "Proceedings of the 1996 IEEE Symposium on Visual Languages",
    year = "1996",
    pages = "336--343",
    publisher = "IEEE Computer Society",
}

% doi = "http://doi.acm.org/10.1145/329129.329138"
% address = "New York, NY, USA"
% booktitle = "VVS '89: Proceedings of the 1989 Chapel Hill workshop on Volume Visualization",
@inproceedings{westover89,
    author = "Lee Westover",
    title = "Interactive Volume Rendering",
    booktitle = "Proceedings of the 1989 Chapel Hill workshop on Volume Visualization",
    year = "1989",
    pages = "9--16",
    publisher = "ACM"
}

organization={ACM New York, NY, USA}
@conference{shanmugam07,
    title={Hardware Accelerated Ambient Occlusion Techniques on GPUs},
    author={Perumall Shanmugam and Okan Arikan},
    booktitle={Proceedings of the 2007 symposium on Interactive 3D graphics and games},
    pages={73--80},
    year={2007},
}

@conference{ropinski08,
    title={Interactive Volume Rendering with Dynamic Ambient Occlusion and Color Bleeding},
    author={Timo Ropinski and Jennis Meyer-Spradow and Stefan Diepenbrock and J\"org Mensmann and Klaus Hinrichs},
    booktitle={Computer Graphics Forum},
    volume={27},
    number={2},
    pages={567--576},
    year={2008},
}

organization={ACM New York, NY, USA}
@conference{miller94,
    title={Efficient Algorithms for Local and Global Accessibility Shading},
    author={Gavin Miller},
    booktitle={Proceedings of the 21st annual conference on Computer graphics and interactive techniques},
    pages={319--326},
    year={1994},
}

@conference{muller97,
    title={Visualization of Implicit Surfaces Using Adaptive Tetrahedrizations},
    author={Heinrich M\"uller and Michael Wehle},
    booktitle={Scientific Visualization Conference, 1997},
    pages={243--243},
    year={1997}
}

organization={IEEE Press Piscataway, NJ, USA}
@conference{pfister96,
    title={Cube-4 -- A Scalable Architecture for Real-Time Volume Rendering},
    author={Hanspeter Pfister and Arie Kaufman},
    booktitle={Proceedings of the 1996 symposium on Volume visualization},
    year={1996},
}



% what a hack to get vmd author...
@misc{VMD,
    title = "Theoretical and {C}omputational {B}iophysics {G}roup, {V}isual {M}olecular {D}ynamics",
    note = "http://www.ks.uiuc.edu/Research/vmd/",
    year = "2009"
}

@misc{AC,
    title = "Wheeler Adaptive Arithmetic Coding Library",
    note = "http://www.cipr.rpi.edu/~wheeler/ac/",
    year = "2009"
}
