% publisher = "ACM New York, NY, USA"
@article{blinn82,
  title = "A generalization of algebraic surface drawing",
  author = "James F. Blinn",
  journal = "ACM Transactions on Graphics",
  year = "1982",
  volume = "1",
  number = "3",
  pages = "235--256",
}

@article{brodlie01,
    author = "Ken Brodlie and Jason Wood",
    title = "Recent Advances in Volume Visualization",
    journal = "Computer Graphics Forum",
    year = "2001",
    volume = "20",
    number = "2",
    pages = "125--148",
}

% doi = "http://dx.doi.org/10.1016/0263-7855(87)80010-3"
@article{carson87,
    author = "Mike Carson",
    title = "Ribbon Models of Macromolecules",
    journal = "Journal of Molecular Graphics",
    year = "1987",
    volume = "5",
    number = "2",
    pages = "103--106",
}

@article{cignoni98,
    author = "P. Cignoni and C. Montani and R. Scopigno",
    title = "A Comparison of Mesh Simplification Algorithms",
    journal = "Computer and Graphics",
    year = "1998",
    volume = "22",
    number = "1",
    pages = "37--54",
}

@article{connolly83,
  title = "Solvent-accessible surfaces of proteins and nucleic acids",
  author = "Michael L. Connolly",
  journal = "Science",
  year = "1983",
  volume = "221",
  number = "4612",
  pages = "709--713",
}

@article{corey53,
    author = "Robert B. Corey and Linus Pauling",
    title = "Molecular Models of Amino Acids, Peptides and Proteins",
    journal = "Review of Scientific Instruments",
    year = "1953",
    volume = "24",
    number = "8",
    pages = "621--627",
}

@article{ellis07,
    author = "Geoffrey Ellis and Alan Dix",
    title = "A Taxonomy of Clutter Reduction for Information Visualisation",
    journal = "IEEE Transactions on Visualization and Computer Graphics",
    year = "2007",
    month = "November/December",
    volume = "13",
    number = "6",
    pages = "1216--1223",
}

@article{humphrey96,
    author = "William Humphrey and Andrew Dalke and Klaus Schulten",
    title = "{VMD}: Visual Molecular Dynamics",
    journal = "Journal of Molecular Graphics",
    year = "1996",
    volume = "14",
    number = "1",
    pages = "33--38",
}

@article{kuttel06,
    author = "Michelle Kuttel and James Gain and Anton Burger and Ian Eborn",
    title = "Techniques for visualization of carbohydrate molecules",
    journal = "Journal of Molecular Graphics and Modeling",
    year = "2006",
    volume = "25",
    pages = "380--388",
}

@article{levoy88,
    author = "Marc Levoy",
    title = "Display of Surfaces from Volume Data",
    journal = "IEEE Computer Graphics and Applications",
    year = "1988",
    month = "May",
    volume = "8",
    number = "3",
    pages = "29--37",
}

% doi = "http://doi.acm.org/10.1145/37402.37422"
@article{lorensen87,
    author = "William E. Lorensen and Harvey E. Cline",
    title = "Marching Cubes: A High Resolution 3D Surface Construction Algorithm",
    journal = "SIGGRAPH Computer Graphics",
    year = "1987",
    month = "July",
    volume = "21",
    number = "4",
    pages = "163--169",
}

@article{martz02,
    author = "Eric Martz",
    title = "Protein Explorer: easy yet powerful macromolecular visualization",
    journal = "TRENDS in Biochemical Sciences",
    year = "2002",
    month = "February",
    volume = "27",
    number = "2",
    pages = "107--109",
}

@article{richardson81,
    author = "Jane S. Richardson",
    title = "The anatomy and taxonomy of protein structure",
    journal = "Advances in Protein Chemistry",
    year = "1981",
    volume = "34",
    pages = "167--218",
}

@article{rossignac93,
  author = "Jarek Rossignac and Paul Borrel",
  title = "Multi-resolution 3D approximations for rendering complex scenes",
  journal = "Modeling in Computer Graphics",
  year = "1993",
  month = "June",
  volume = "455",
  pages = "455--465",
}

% publisher = "ACM ASSOCIATION FOR COMPUTING MACHINERY"
@article{schroeder92,
  author = "William J. Schroeder and Jonathan A. Zarge and William E. Lorensen",
  title = "Decimation of triangle meshes",
  journal = "ACM SIGGRAPH Computer Graphics",
  year = "1992",
  month = "July",
  volume = "26",
  pages = "65--65",
}

@article{zach04,
    author = "Christopher Zach and Stephen Mantler and Konrad Karner",
    title = "Time-Critical Rendering of Huge Ecosystems Using Discrete and Continuous Levels of Detail",
    journal = "Presence",
    year = "2004",
    month = "December",
    volume = "13",
    number = "6",
    pages = "656--667",
}

% address = "Washington, DC, USA"
% booktitle = "VL '96: Proceedings of the 1996 IEEE Symposium on Visual Languages",
@inproceedings{shneiderman96,
    author = "Ben Shneiderman",
    title = "The Eyes Have It: A Task by Data Type Taxonomy for Information Visualizations",
    booktitle = "Proceedings of the 1996 IEEE Symposium on Visual Languages",
    year = "1996",
    pages = "336--343",
    publisher = "IEEE Computer Society",
}

% doi = "http://doi.acm.org/10.1145/329129.329138"
% address = "New York, NY, USA"
% booktitle = "VVS '89: Proceedings of the 1989 Chapel Hill workshop on Volume Visualization",
@inproceedings{westover89,
    author = "Lee Westover",
    title = "Interactive Volume Rendering",
    booktitle = "Proceedings of the 1989 Chapel Hill workshop on Volume Visualization",
    year = "1989",
    pages = "9--16",
    publisher = "ACM",
}

% what a hack to get vmd author...
@misc{VMD,
    title = "Theoretical and {C}omputational {B}iophysics {G}roup. {V}isual {M}olecular {D}ynamics",
    note = "http://www.ks.uiuc.edu/Research/vmd/",
    year = "2009",
}

@misc{OpenGL,
    title = "Khronos {G}roup. {O}pen {G}raphics {L}ibrary",
    note = "http://www.opengl.org/",
    year = "2009",
}

@misc{Qt,
    author = "Nokia",
    title = "Qt - A cross-platform application and {UI} framework",
    note = "http://qt.nokia.com/",
    year= "2009",
}

@misc{GTS,
    title = "The {GNU} {T}riangulated {S}urface {L}ibrary",
    note = "http://gts.sourceforge.net/",
    year = "2009",
}
