@inproceedings{merrycomp,
 author = {Merry,, Bruce and Marais,, Patrick and Gain,, James},
 title = {Compression of dense and regular point clouds},
 booktitle = {Afrigaph '06: Proceedings of the 4th international conference on Computer graphics, virtual reality, visualisation and interaction in Africa},
 year = {2006},
 isbn = {1-59593-288-7},
 pages = {15--20},
 location = {Cape Town, South Africa},
 doi = {http://doi.acm.org/10.1145/1108590.1108593},
 publisher = {ACM},
 address = {New York, NY, USA},
 }

@inproceedings{gumholdcomp,
 author = {Gumhold,, Stefan and Kami,, Zachi and Isenburg,, Martin and Seidel,, Hans-Peter},
 title = {Predictive point-cloud compression},
 booktitle = {SIGGRAPH '05: ACM SIGGRAPH 2005 Sketches},
 year = {2005},
 pages = {137},
 location = {Los Angeles, California},
 doi = {http://doi.acm.org/10.1145/1187112.1187277},
 publisher = {ACM},
 address = {New York, NY, USA},
 }

@article{omeltchenko2000sls,
  title={{Scalable I/O of large-scale molecular dynamics simulations: A data-compression algorithm}},
  author={Omeltchenko, A. and Campbell, T.J. and Kalia, R.K. and Liu, X. and Nakano, A. and Vashishta, P.},
  journal={Computer Physics Communications},
  volume={131},
  number={1},
  pages={78--85},
  year={2000},
  publisher={Amsterdam: North-Holland Pub. Co., 1969-}
}

@book{ag-racm-03,
author = {Pierre Alliez and Craig Gotsman},
title = {Recent Advances in Compression of 3D Meshes},
editor = {Advances in Multiresolution for Geometric Modelling.
N.A. Dodgson and M.S. Floater and M.A. Sabin. Springer-Verlag},
isbn = {ISBN 3-540-21462-3},
pages = {3--26},
year = {2005}}

@conference{chen2005lcp,
  title={{Lossless compression of point-based 3D models}},
  author={Chen, D. and Chiang, Y.J. and Memon, N.},
  booktitle={Pacific Graphics},
  pages={124--126},
  year={2005}
}

@conference{devillers2000gci,
  title={{Geometric compression for interactive transmission}},
  author={Devillers, O. and Gandoin, P.M.},
  booktitle={Proceedings of the conference on Visualization'00},
  pages={319--326},
  year={2000},
  organization={IEEE Computer Society Press Los Alamitos, CA, USA}
}

@book{sedgewick,
  title={{Algorithms in C}},
  author={Sedgewick, R.},
  year={2001},
  publisher={Addison-Wesley Professional}
}

@book{drozdek,
  author={Drozdek, Adam},
  year={2001},
  title={Elements of Data Compression},
  publisher={Brooks/Cole Publishing Co},
  address={Pacific Grove, CA, USA},
  isbn={053438448X}
}

@article{huffman1952method,
  title={{A method for the construction of minimum-redundancy codes}},
  author={Huffman, DA},
  journal={Kibern. Sb.},
  volume={3},
  pages={79--87},
  year={1952}
}

@article{vitter1987,
  author = {Vitter, Jeffrey Scott},
  title = {Design and analysis of dynamic Huffman codes},
  journal = {J. ACM},
  volume = {34},
  number = {4},
  year = {1987},
  issn = {0004-5411},
  pages = {825--845},
  doi = {http://doi.acm.org/10.1145/31846.42227},
  publisher = {ACM},
  address = {New York, NY, USA},
}

@www{vmd,
  title={VMD - Visual Molecular Dynamics, Theoretical and Computational Biophysics Group},
  year={2009},
  note={http://www.ks.uiuc.edu/Research/vmd/}
}

@www{vmddcdformat,
  title={VMD - X-PLOR DCD Format},
  year={2009},
  note={http://www.ks.uiuc.edu/Research/vmd/plugins/molfile/dcdplugin.html}
}

@www{watermolecule,
  title={Water molecule structure},
  author={Chaplin, Martin},
  year={2009},
  note={http://www1.lsbu.ac.uk/water/molecule.html}
}

@www{ann,
  title={ANN: A Library for Approximate Nearest Neighbor Searching},
  author={Mount, David M. and Arya, Sunil},
  year={2006},
  note={http://www.cs.umd.edu/~mount/ANN/}
}

@article{cormack1984algorithms,
  title={{Algorithms for adaptive Huffman codes}},
  author={Cormack, GV and Horspool, RN},
  journal={Information Processing Letters},
  volume={18},
  number={3},
  pages={159--165},
  year={1984},
  publisher={Elsevier Science}
}
