

@book{RefWorks:1,
	author={ Drozdek Adam},
	year={2001},
	title={Elements of Data Compression},
	publisher={Brooks/Cole Publishing Co},
	address={Pacific Grove, CA, USA},
	isbn={053438448X}
}
}

@article{RefWorks:2,
	author={ Lelewer Debra A. and Hirschberg Daniel S.},
	year={1987},
	title={Data compression},
	journal={ACM Comput.Surv.},
	volume={19},
	number={3},
	pages={261-296},
	isbn={0360-0300},
	url={http://doi.acm.org/10.1145/45072.45074}
}
}

@article{RefWorks:3,
	author={A. Omeltchenko and T. J. Campbell and R. K. Kalia and X. Liu and A. Nakano and P. Vashishta},
	title={Scalable I/O of large-scale molecular dynamics simulations: A data-compression algorithm},
	volume={Computer Physics Communications 131},
	pages={78-85}
}
}

@book{RefWorks:5,
	author={ Waibel Alex and Lee Kai-Fu},
	year={1990},
	title={Readings in speech recognition},
	publisher={Morgan Kaufmann Publishers Inc},
	address={San Francisco, CA, USA},
	isbn={1-55860-124-4}
}
}

@article{RefWorks:4,
	author={ Witten Ian H. and Neal Radford M. and Cleary John G.},
	year={1987},
	title={Arithmetic coding for data compression},
	journal={Commun.ACM},
	volume={30},
	number={6},
	pages={520-540},
	isbn={0001-0782},
	url={http://doi.acm.org/10.1145/214762.214771}
}

@book{108235,
 editor = {Waibel,, Alex and Lee,, Kai-Fu},
 title = {Readings in speech recognition},
 year = {1990},
 isbn = {1-55860-124-4},
 publisher = {Morgan Kaufmann Publishers Inc.},
 address = {San Francisco, CA, USA},
 }

@article{116880,
 author = {Aurenhammer,, Franz},
 title = {Voronoi diagrams---a survey of a fundamental geometric data structure},
 journal = {ACM Comput. Surv.},
 volume = {23},
 number = {3},
 year = {1991},
 issn = {0360-0300},
 pages = {345--405},
 doi = {http://doi.acm.org/10.1145/116873.116880},
 publisher = {ACM},
 address = {New York, NY, USA},
 }

JSTOR CITATION LIST

@comment{{ Your use of the JSTOR archive indicates your acceptance of JSTOR's Terms and Conditions of Use http://www.jstor.org/page/info/about/policies/terms.jsp. If you have questions or need assistance using JSTOR, please contact JSTOR Support ($acsServer/action/showContactSupportForm) and let us know how we can help you. }}
@comment{{NUMBER OF CITATIONS : 1}}

    @article{1979,
     jstor_articletype = {primary_article},
     title = {Algorithm AS 136: A K-Means Clustering Algorithm},
     author = {Hartigan, J. A. and Wong, M. A.},
     journal = {Applied Statistics},
     jstor_issuetitle = {},
     volume = {28},
     number = {1},
     jstor_formatteddate = {1979},
     pages = {100--108},
     url = {http://www.jstor.org/stable/2346830},
     ISSN = {00359254},
     abstract = {},
     language = {},
     year = {1979},
     publisher = {Blackwell Publishing for the Royal Statistical Society},    
     copyright = {Copyright © 1979 Royal Statistical Society},
    }
        

@comment{{ These records have been provided through JSTOR. http://www.jstor.org }}

@inproceedings{1015408,
 author = {Ding,, Chris and He,, Xiaofeng},
 title = {K-means clustering via principal component analysis},
 booktitle = {ICML '04: Proceedings of the twenty-first international conference on Machine learning},
 year = {2004},
 isbn = {1-58113-828-5},
 pages = {29},
 location = {Banff, Alberta, Canada},
 doi = {http://doi.acm.org/10.1145/1015330.1015408},
 publisher = {ACM},
 address = {New York, NY, USA},
 }

@article{ShmuelWinograd041976,
author = {Winograd, Shmuel},
title={{On computing the Discrete Fourier Transform}},
journal = {Proceedings of the National Academy of Sciences of the United States of America},
volume = {73},
number = {4},
pages = {1005-1006},
doi = {},
year = {1976},
abstract = {New algorithms for computing the Discrete Fourier Transform of  points are described. For  in the range of a few tens to a few thousands these algorithms use substantially fewer multiplications than the best algorithm previously known, and about the same number of additions.
},
URL = {http://www.pnas.org/content/73/4/1005.abstract},
eprint = {http://www.pnas.org/content/73/4/1005.full.pdf+html}
}

@MISC{Cody92thefast,
    author = {Mac A. Cody},
    title = {The Fast Wavelet Transform - Beyond Fourier transforms},
    year = {1992}
}

@inproceedings{1464352,
 author = {Gentleman,, W. M. and Sande,, G.},
 title = {Fast Fourier Transforms: for fun and profit},
 booktitle = {AFIPS '66 (Fall): Proceedings of the November 7-10, 1966, fall joint computer conference},
 year = {1966},
 pages = {563--578},
 location = {San Francisco, California},
 doi = {http://doi.acm.org/10.1145/1464291.1464352},
 publisher = {ACM},
 address = {New York, NY, USA},
 }

JSTOR CITATION LIST

@comment{{ Your use of the JSTOR archive indicates your acceptance of JSTOR's Terms and Conditions of Use http://www.jstor.org/page/info/about/policies/terms.jsp. If you have questions or need assistance using JSTOR, please contact JSTOR Support ($acsServer/action/showContactSupportForm) and let us know how we can help you. }}
@comment{{NUMBER OF CITATIONS : 1}}

    @article{1965,
     jstor_articletype = {primary_article},
     title = {An Algorithm for the Machine Calculation of Complex Fourier Series},
     author = {Cooley, James W. and Tukey, John W.},
     journal = {Mathematics of Computation},
     jstor_issuetitle = {},
     volume = {19},
     number = {90},
     jstor_formatteddate = {Apr., 1965},
     pages = {297--301},
     url = {http://www.jstor.org/stable/2003354},
     ISSN = {00255718},
     abstract = {},
     language = {},
     year = {1965},
     publisher = {American Mathematical Society},    
     copyright = {Copyright © 1965 American Mathematical Society},
    }
        

@comment{{ These records have been provided through JSTOR. http://www.jstor.org }}


@article{citeulike:1320251,
	abstract = {An optimum method of coding an ensemble of messages consisting of a finite number of members is developed. A minimum-redundancy code is one constructed in such a way that the average number of coding digits per message is minimized.},
	author = {Huffman, D. A. },
	citeulike-article-id = {1320251},
	journal = {Proceedings of the IRE},
	keywords = {algorithms, compression, information-theory, redundancy},
	number = {9},
	pages = {1098--1101},
	posted-at = {2008-02-26 19:21:13},
	priority = {3},
	title = {A Method for the Construction of Minimum-Redundancy Codes},
	url = {http://ieeexplore.ieee.org/xpls/abs\_all.jsp?arnumber=4051119},
	volume = {40},
	year = {1952}
}

@article{42227,
 author = {Vitter,, Jeffrey Scott},
 title = {Design and analysis of dynamic Huffman codes},
 journal = {J. ACM},
 volume = {34},
 number = {4},
 year = {1987},
 issn = {0004-5411},
 pages = {825--845},
 doi = {http://doi.acm.org/10.1145/31846.42227},
 publisher = {ACM},
 address = {New York, NY, USA},
 }

@www{acpatents,
 title = {comp.compression Frequently Asked Questions (part 1/3) at http://www.faqs.org/faqs/compression-faq/part1/}
 url = {http://www.faqs.org/faqs/compression-faq/part1/}
 accessed = {3 May 2009, 6:07 PM}
}

@article{382782,
 author = {Manzini,, Giovanni},
 title = {An analysis of the Burrows---Wheeler transform},
 journal = {J. ACM},
 volume = {48},
 number = {3},
 year = {2001},
 issn = {0004-5411},
 pages = {407--430},
 doi = {http://doi.acm.org/10.1145/382780.382782},
 publisher = {ACM},
 address = {New York, NY, USA},
 }

@article{1320134,
 author = {Welch,, T. A.},
 title = {A Technique for High-Performance Data Compression},
 journal = {Computer},
 volume = {17},
 number = {6},
 year = {1984},
 issn = {0018-9162},
 pages = {8--19},
 doi = {http://dx.doi.org/10.1109/MC.1984.1659158},
 publisher = {IEEE Computer Society Press},
 address = {Los Alamitos, CA, USA},
 }

@www{deflaterfc,
 author = {Deutsch,, P. L.},
 title = {RFC-1951 at http://www.w3.org/Graphics/PNG/RFC-1951},
 url = {http://www.w3.org/Graphics/PNG/RFC-1951},
 accessed = {3 May 2009, 6:31 PM},
 year = {1996}
}

@article{gall1991mvc,
  title={{MPEG: A video compression standard for multimedia applications}},
  author={Gall, D.L.},
  journal={Communications of the ACM},
  year={1991}
}

@article{wiegand2003oha,
  title={{Overview of the H. 264/AVC video coding standard}},
  author={Wiegand, T. and Sullivan, GJ and Bjontegaard, G. and Luthra, A.},
  journal={IEEE Transactions on circuits and systems for video technology},
  volume={13},
  number={7},
  pages={560--576},
  year={2003}
}

@article{vandalore2001sal,
  title={{A survey of application layer techniques for adaptive streaming of multimedia}},
  author={Vandalore, B. and Feng, W. and Jain, R. and Fahmy, S.},
  journal={Real-Time Imaging},
  volume={7},
  number={3},
  pages={221--235},
  year={2001},
  publisher={Elsevier Ltd}
}

@article{welch1995ikf,
  title={{An introduction to the Kalman filter}},
  author={Welch, G. and Bishop, G.},
  journal={University of North Carolina at Chapel Hill, Chapel Hill, NC},
  year={1995}
}

@www{vmd,
title={VMD - Visual Molecular Dynamics, Theoretical and Computational Biophysics Group},
year={2009},
note={http://www.ks.uiuc.edu/Research/vmd/}
}

@www{vmddcdformat,
title={VMD - X-PLOR DCD Format},
year={2009},
note={http://www.ks.uiuc.edu/Research/vmd/plugins/molfile/dcdplugin.html}
}

@article{boutell1997ppn,
  title={{PNG (Portable Network Graphics) Specification. Version 1.0}},
  author={Boutell, T. and Lane, T. and Adler, M. and Brunschen, C. and Costello, A.M. and Crocker, L.D. and Dilger, A. and Fromme, O. and Gailly, J. and Herborth, C. and others},
  journal={Network Working Group},
  year={1997}
}


}

